<record><leader>00000cas a22000007a 4500</leader><controlfield tag="001">9431511</controlfield><controlfield tag="008">830420d18921900ksuwr ne      0    0eng d</controlfield><controlfield tag="009">3789</controlfield><datafield ind1=" " ind2=" " tag="010"><subfield code="a">sn 83040124 </subfield></datafield><datafield ind1=" " ind2=" " tag="040"><subfield code="a">KSH</subfield><subfield code="b">eng</subfield><subfield code="c">KSH</subfield><subfield code="d">NPT</subfield><subfield code="d">OCLCQ</subfield></datafield><datafield ind1=" " ind2=" " tag="042"><subfield code="a">msc</subfield></datafield><datafield ind1=" " ind2=" " tag="043"><subfield code="a">n-us-ks</subfield></datafield><datafield ind1="0" ind2=" " tag="130"><subfield code="a">Huron herald (Huron, Kan. : 1892)</subfield></datafield><datafield ind1="0" ind2="4" tag="245"><subfield code="a">The Huron herald.</subfield></datafield><datafield ind1="1" ind2="0" tag="246"><subfield code="a">Huron weekly herald</subfield></datafield><datafield ind1=" " ind2=" " tag="260"><subfield code="a">Huron, Kan. :</subfield><subfield code="b">[s.n.],</subfield><subfield code="c">1892-</subfield></datafield><datafield ind1=" " ind2=" " tag="300"><subfield code="a">v. :</subfield><subfield code="b">ill. ;</subfield><subfield code="c">49-60 cm.</subfield></datafield><datafield ind1=" " ind2=" " tag="310"><subfield code="a">Weekly</subfield></datafield><datafield ind1="0" ind2=" " tag="362"><subfield code="a">Vol. 1, no. 1 (Jan. 7, 1892)-</subfield></datafield><datafield ind1="1" ind2=" " tag="362"><subfield code="a">Ceased Aug. 9, 1900?</subfield></datafield><datafield ind1=" " ind2=" " tag="500"><subfield code="a">Published as: Huron weekly herald, Nov. 8, 1894-Oct. 3, 1896; Apr. 9-May 7, 1897.</subfield></datafield><datafield ind1=" " ind2=" " tag="500"><subfield code="a">"Independent."</subfield></datafield><datafield ind1=" " ind2=" " tag="500"><subfield code="a">Editor: Frank I. White.</subfield></datafield><datafield ind1="1" ind2=" " tag="700"><subfield code="a">White, Frank I.</subfield></datafield><datafield ind1=" " ind2=" " tag="752"><subfield code="a">United States</subfield><subfield code="b">Kansas</subfield><subfield code="c">Atchison</subfield><subfield code="d">Huron.</subfield></datafield><datafield ind1="0" ind2="4" tag="785"><subfield code="t">New leaf (Effingham, Kan.)</subfield><subfield code="w">(DLC)sn 83040133</subfield></datafield></record>